<?xml version = "1.0" encoding = "UTF-8"?><record>
  <leader>01824caa#a2200409#c#4500</leader>
  <controlfield tag="005">20220719074700.0</controlfield>
  <controlfield tag="007">tu</controlfield>
  <controlfield tag="008">220719s2022####gw############|||#|#ger#c</controlfield>
  <controlfield tag="003">DE-605</controlfield>
  <controlfield tag="001">99371450480906441</controlfield>
  <datafield tag="035" ind1=" " ind2=" ">
    <subfield code="a">(DE-605)HT021429811</subfield>
  </datafield>
  <datafield tag="040" ind1=" " ind2=" ">
    <subfield code="a">HBZ/ALMA-NZ</subfield>
    <subfield code="b">ger</subfield>
    <subfield code="c">DE-61</subfield>
    <subfield code="e">rda</subfield>
    <subfield code="d">DE-605</subfield>
  </datafield>
  <datafield tag="041" ind1=" " ind2=" ">
    <subfield code="a">ger</subfield>
  </datafield>
  <datafield tag="044" ind1=" " ind2=" ">
    <subfield code="c">XA-DE-NW</subfield>
  </datafield>
  <datafield tag="084" ind1=" " ind2=" ">
    <subfield code="a">Neuss</subfield>
    <subfield code="0">https://nwbib.de/spatial#Q2948</subfield>
    <subfield code="2">nwbib</subfield>
  </datafield>
  <datafield tag="084" ind1=" " ind2=" ">
    <subfield code="a">Einzelne Autoren (Sekund&#228;rliteratur)</subfield>
    <subfield code="0">https://nwbib.de/subjects#N768030</subfield>
    <subfield code="2">nwbib</subfield>
  </datafield>
  <datafield tag="084" ind1=" " ind2=" ">
    <subfield code="a">K&#252;nstler</subfield>
    <subfield code="0">https://nwbib.de/subjects#N841070</subfield>
    <subfield code="2">nwbib</subfield>
  </datafield>
  <datafield tag="084" ind1=" " ind2=" ">
    <subfield code="a">Kunstmuseen und Kunstsammlungen</subfield>
    <subfield code="0">https://nwbib.de/subjects#N841040</subfield>
    <subfield code="2">nwbib</subfield>
  </datafield>
  <datafield tag="100" ind1="1" ind2=" ">
    <subfield code="a">Burgenmeister, Sophia</subfield>
    <subfield code="d">1988-</subfield>
    <subfield code="0">(DE-588)1160460949</subfield>
    <subfield code="4">aut</subfield>
    <subfield code="0">(uri) https://portal.dnb.de/opac.htm?method=simpleSearch&amp;cqlMode=true&amp;query=idn=1160460949</subfield>
    <subfield code="0">(uri) http://viaf.org/viaf/sourceID/DNB|1160460949</subfield>
  </datafield>
  <datafield tag="245" ind1="1" ind2="0">
    <subfield code="a">&quot;&lt;&lt;Das&gt;&gt; Sichtbare ist das Zerfallsprodukt&quot;</subfield>
    <subfield code="b">die intermediale Erkundung der Raketenstation durch Kling und Langanky</subfield>
    <subfield code="c">Sophia Burgenmeister</subfield>
  </datafield>
  <datafield tag="264" ind1=" " ind2="1">
    <subfield code="a">D&#252;sseldorf</subfield>
    <subfield code="b">Lilienfeld Verlag</subfield>
    <subfield code="c">2022</subfield>
  </datafield>
  <datafield tag="300" ind1=" " ind2=" ">
    <subfield code="b">Illustrationen (farbig)</subfield>
  </datafield>
  <datafield tag="336" ind1=" " ind2=" ">
    <subfield code="b">txt</subfield>
  </datafield>
  <datafield tag="337" ind1=" " ind2=" ">
    <subfield code="b">n</subfield>
  </datafield>
  <datafield tag="338" ind1=" " ind2=" ">
    <subfield code="b">nc</subfield>
  </datafield>
  <datafield tag="689" ind1="0" ind2="0">
    <subfield code="a">Kling, Thomas</subfield>
    <subfield code="d">1957-2005</subfield>
    <subfield code="D">p</subfield>
    <subfield code="0">(DE-588)121401030</subfield>
    <subfield code="0">(uri) https://portal.dnb.de/opac.htm?method=simpleSearch&amp;cqlMode=true&amp;query=idn=121401030</subfield>
    <subfield code="0">(uri) http://viaf.org/viaf/sourceID/DNB|121401030</subfield>
  </datafield>
  <datafield tag="689" ind1="0" ind2="1">
    <subfield code="a">Lyrik</subfield>
    <subfield code="D">s</subfield>
    <subfield code="0">(DE-588)4036774-5</subfield>
    <subfield code="0">(uri) https://portal.dnb.de/opac.htm?method=simpleSearch&amp;cqlMode=true&amp;query=idn=040367746</subfield>
    <subfield code="0">(uri) http://viaf.org/viaf/sourceID/DNB|040367746</subfield>
  </datafield>
  <datafield tag="689" ind1="0" ind2="2">
    <subfield code="a">Langanky, Ute</subfield>
    <subfield code="d">1957-</subfield>
    <subfield code="D">p</subfield>
    <subfield code="0">(DE-588)119288575</subfield>
    <subfield code="0">(uri) https://portal.dnb.de/opac.htm?method=simpleSearch&amp;cqlMode=true&amp;query=idn=119288575</subfield>
    <subfield code="0">(uri) http://viaf.org/viaf/sourceID/DNB|119288575</subfield>
  </datafield>
  <datafield tag="689" ind1="0" ind2="3">
    <subfield code="a">Fotografie</subfield>
    <subfield code="D">s</subfield>
    <subfield code="0">(DE-588)4045895-7</subfield>
    <subfield code="0">(uri) https://portal.dnb.de/opac.htm?method=simpleSearch&amp;cqlMode=true&amp;query=idn=040458954</subfield>
    <subfield code="0">(uri) http://viaf.org/viaf/sourceID/DNB|040458954</subfield>
  </datafield>
  <datafield tag="689" ind1="0" ind2="4">
    <subfield code="a">Raketenstation Hombroich</subfield>
    <subfield code="g">Neuss</subfield>
    <subfield code="D">g</subfield>
    <subfield code="0">(DE-588)4772260-5</subfield>
    <subfield code="0">(uri) https://portal.dnb.de/opac.htm?method=simpleSearch&amp;cqlMode=true&amp;query=idn=970665393</subfield>
    <subfield code="0">(uri) http://viaf.org/viaf/sourceID/DNB|970665393</subfield>
  </datafield>
  <datafield tag="689" ind1="0" ind2="5">
    <subfield code="a">Motiv</subfield>
    <subfield code="D">s</subfield>
    <subfield code="0">(DE-588)4040360-9</subfield>
    <subfield code="0">(uri) https://portal.dnb.de/opac.htm?method=simpleSearch&amp;cqlMode=true&amp;query=idn=040403602</subfield>
    <subfield code="0">(uri) http://viaf.org/viaf/sourceID/DNB|040403602</subfield>
  </datafield>
  <datafield tag="773" ind1="0" ind2="8">
    <subfield code="i">Enthalten in</subfield>
    <subfield code="t">Worte. und deren Hintergrundstrahlung / herausgegeben und mit einem Vorwort von Raphaela Eggers, Ute Langanky, Mercel Beyer ; Beitr&#228;ge von Hans J&#252;rgen Balmes [und 8 weiteren]</subfield>
    <subfield code="d">D&#252;sseldorf : Lilienfeld Verlag, 2022</subfield>
    <subfield code="g">Seite 62-81</subfield>
    <subfield code="k">Schriftenreihe der Kunststiftung NRW ; 15</subfield>
    <subfield code="w">(DE-605)HT021409553</subfield>
    <subfield code="z">9783940357922</subfield>
  </datafield>
  <datafield tag="960" ind1="1" ind2=" ">
    <subfield code="n">NWBib-61</subfield>
  </datafield>
  <datafield tag="964" ind1="0" ind2="s">
    <subfield code="F">051</subfield>
    <subfield code="A">a|||||||</subfield>
  </datafield>
  <datafield tag="964" ind1="0" ind2="i">
    <subfield code="I">marc-FMT via MAB2MARC</subfield>
    <subfield code="F">FMT</subfield>
    <subfield code="A">BK</subfield>
  </datafield>
  <datafield tag="964" ind1="0" ind2="s">
    <subfield code="F">030</subfield>
    <subfield code="A">a|zur||||||17</subfield>
  </datafield>
  <datafield tag="964" ind1="0" ind2="s">
    <subfield code="F">050</subfield>
    <subfield code="A">a|a|||||||||||</subfield>
  </datafield>
  <datafield tag="035" ind1=" " ind2=" ">
    <subfield code="a">(DE-599)HBZHT021429811</subfield>
  </datafield>
  <datafield tag="MBD" ind1=" " ind2=" ">
    <subfield code="M">49HBZ_NETWORK</subfield>
    <subfield code="i">99371450480906441</subfield>
    <subfield code="n">HBZ Network</subfield>
  </datafield>
  <datafield tag="MNG" ind1=" " ind2=" ">
    <subfield code="c">System</subfield>
    <subfield code="f">HBZ</subfield>
    <subfield code="i">marc21</subfield>
    <subfield code="h">20220719074700.0</subfield>
    <subfield code="k">01</subfield>
    <subfield code="e">false</subfield>
    <subfield code="d">2022-07-20 04:13:43 Europe/Berlin</subfield>
    <subfield code="g">99371450480906441</subfield>
    <subfield code="j">60</subfield>
    <subfield code="a">PFLUGHU######49HBZ_DUE</subfield>
    <subfield code="b">2022-07-19 07:47:22 Europe/Berlin</subfield>
  </datafield>
</record>